@book{marsland,
  series = {Chapman \& Hall / CRC Machine Learning \& Pattern Recognition Series},
  publisher = {CRC Press},
  isbn = {9781466583283},
  year = {2015},
  title = {Machine Learning: an Algorithmic Perspective},
  edition = {2nd edition},
  % language = {English},
  address = {Boca Raton, FL},
  author = {Marsland, Stephen},
  lccn = {2014434325},
}

@book{eiben-smith,
  language = {eng},
  address = {Berlin, Heidelberg},
  author = {Eiben, A.E. and Smith, J.E.},
  series = {Natural Computing Series},
  publisher = {Springer, Berlin, Heidelberg},
  isbn = {978-3-662-44873-1},
  year = {2015},
  title = {Introduction to Evolutionary Computing},
  edition = {2nd edition},
  pages = {XII, 287},
}

@book{devore-berk,
  series = {Springer Texts in Statistics},
  issn = {1431-875X},
  publisher = {Springer New York},
  isbn = {9781461403906},
  title = {Modern Mathematical Statistics with Applications},
  edition = {Second Edition},
  copyright = {Springer Science+Business Media, LLC 2012},
  language = {eng},
  address = {New York, NY},
  author = {Devore, Jay L. and Berk, Kenneth N.},
  year = {2012},
  keywords = {Mathematics and Statistics ; Statistical Theory and Methods ; Statistics ; Statistics, general},
}

@manual{np,
  title ={Numpy Reference},
  date = {2022-01-14},
  url = {https://numpy.org/doc/stable/reference/},
  urldate = {2022-04-21},
  verdion = {v1.22}
}

@online{wiki-sample,
    author = {Wikipedia, The Free Encyclopedia},
    title = {Sample mean and covariance},
    url = {https://en.wikipedia.org/w/index.php?title=Sample_mean_and_covariance&oldid=1063504049},
    urldate = {2022-04-21}
}
